<?xml version="1.0" encoding="UTF-8" ?>
<record Numero="13916170" format="InterXMarc_Complet" type="Authority">
<leader>01930c0 au22000272  45  <Pos Code="0004">01930</Pos>
<Pos Code="05" Sens="notice modifiée">c</Pos>
<Pos Code="06" Sens="notice validée par les services d&apos;autorité">0</Pos>
<Pos Code="08" Sens="notice d&apos;autorité">a</Pos>
<Pos Code="09" Sens="titre uniforme musical (TUM)">u</Pos>
<Pos Code="10">2</Pos>
<Pos Code="11">2</Pos>
<Pos Code="1216">00027</Pos>
<Pos Code="17" Sens="autres cas">2</Pos>
<Pos Code="20">4</Pos>
<Pos Code="21">5</Pos>
</leader>
<controlfield tag="001">FRBNF139161702<Pos Code="0001">FR</Pos>
<Pos Code="0204">BNF</Pos>
<Pos Code="0512">13916170</Pos>
<Pos Code="13">2</Pos>
</controlfield>
<controlfield tag="008">890821130613yyeng inm       1842                             1   <Pos Code="0001">89</Pos>
<Pos Code="0203">08</Pos>
<Pos Code="0405">21</Pos>
<Pos Code="0607">13</Pos>
<Pos Code="0809">06</Pos>
<Pos Code="1011">13</Pos>
<Pos Code="1213" Sens="ne s&apos;applique pas">yy</Pos>
<Pos Code="1416" Sens="anglais">eng</Pos>
<Pos Code="1820" Sens="musique de scène">inm</Pos>
<Pos Code="2831">1842</Pos>
<Pos Code="61" Sens="La vedette peut être liée à une notice bibliographique sauf pour l&apos;accès matière RAMEAU">1</Pos>
</controlfield>
<datafield tag="048" ind1=" " ind2=" ">
	<subfield code="a">va01<Pos Code="0001" Sens="voix - soprano">va</Pos>
<Pos Code="02">0</Pos>
<Pos Code="03">1</Pos>
</subfield>
	<subfield code="a">cn01<Pos Code="0001" Sens="choeurs - non spécifié">cn</Pos>
<Pos Code="02">0</Pos>
<Pos Code="03">1</Pos>
</subfield>
	<subfield code="a">oa01<Pos Code="0001" Sens="orchestre - orchestre symphonique XIXe-XXe s.">oa</Pos>
<Pos Code="02">0</Pos>
<Pos Code="03">1</Pos>
</subfield>
</datafield>
<datafield tag="100" ind1=" " ind2=" ">
	<subfield code="3">13984603</subfield>
	<subfield code="w">.0..b.....</subfield>
	<subfield code="a">Mendelssohn Bartholdy</subfield>
	<subfield code="m">Felix</subfield>
	<subfield code="d">1809-1847</subfield>
</datafield>
<datafield tag="144" ind1="1" ind2=" ">
	<subfield code="w">....b.eng.</subfield>
	<subfield code="a" Barre="2">A midsummer night&apos;s dream</subfield>
	<subfield code="p">Op. 61</subfield>
	<subfield code="e">Musique de scène</subfield>
</datafield>
<datafield tag="301" ind1=" " ind2=" ">
	<subfield code="3">14831738</subfield>
	<subfield code="a">Battmann</subfield>
	<subfield code="m">Jacques-Louis</subfield>
	<subfield code="d">1818-1886</subfield>
	<subfield code="t">[Réminiscences. Mendelssohn Bartholdy, Felix. Ein Sommernachtstraum. Piano. Op. 355]</subfield>
</datafield>
<datafield tag="302" ind1=" " ind2=" ">
	<subfield code="3">13916128</subfield>
	<subfield code="a">Mendelssohn Bartholdy</subfield>
	<subfield code="m">Felix</subfield>
	<subfield code="d">1809-1847</subfield>
	<subfield code="t" Barre="5">[Ein Sommernachtstraum. Op. 21 (Ouverture)]</subfield>
</datafield>
<datafield tag="302" ind1=" " ind2=" ">
	<subfield code="3">14782936</subfield>
	<subfield code="a">Mendelssohn Bartholdy</subfield>
	<subfield code="m">Felix</subfield>
	<subfield code="d">1809-1847</subfield>
	<subfield code="t" Barre="3">[A midsummer night&apos;s dream. Op. 61 (Musique de scène). Wedding march]</subfield>
</datafield>
<datafield tag="302" ind1=" " ind2=" ">
	<subfield code="3">13866059</subfield>
	<subfield code="a">Mendelssohn Bartholdy</subfield>
	<subfield code="m">Felix</subfield>
	<subfield code="d">1809-1847</subfield>
	<subfield code="t" Barre="3">[A midsummer night&apos;s dream. Op. 61 (Musique de scène). Scherzo]</subfield>
</datafield>
<datafield tag="444" ind1="1" ind2=" ">
	<subfield code="w">....b.eng.</subfield>
	<subfield code="a" Barre="2">A midsummer night&apos;s dream</subfield>
	<subfield code="p">Op. 21 et 61</subfield>
	<subfield code="e">Ouverture et musique de scène</subfield>
</datafield>
<datafield tag="444" ind1="1" ind2=" ">
	<subfield code="w">....b.eng.</subfield>
	<subfield code="a" Barre="2">A midsummer night&apos;s dream by Shakespeare</subfield>
	<subfield code="p">Op. 61</subfield>
</datafield>
<datafield tag="444" ind1="1" ind2=" ">
	<subfield code="w">....b.ger.</subfield>
	<subfield code="a" Barre="4">Ein Sommernachtstraum</subfield>
	<subfield code="p">Op. 61</subfield>
	<subfield code="e">Musique de scène</subfield>
</datafield>
<datafield tag="444" ind1="1" ind2=" ">
	<subfield code="w">....b.fre.</subfield>
	<subfield code="a" Barre="3">Le songe d&apos;une nuit d&apos;été</subfield>
	<subfield code="p">Op. 61</subfield>
	<subfield code="e">Musique de scène</subfield>
</datafield>
<datafield tag="444" ind1="1" ind2=" ">
	<subfield code="w">....b.ger.</subfield>
	<subfield code="a" Barre="4">Ein Sommernachtstraum</subfield>
	<subfield code="p">Op. 21 et 61</subfield>
	<subfield code="e">Ouverture et musique de scène</subfield>
</datafield>
<datafield tag="444" ind1="1" ind2=" ">
	<subfield code="w">....b.fre.</subfield>
	<subfield code="a" Barre="3">Le songe d&apos;une nuit d&apos;été</subfield>
	<subfield code="p">Op. 21 et 61</subfield>
	<subfield code="e">Ouverture et musique de scène</subfield>
</datafield>
<datafield tag="600" ind1=" " ind2=" ">
	<subfield code="a">Musique de scène pour la pièce de Shakespeare</subfield>
	<subfield code="a">Comprend aussi l&apos;ouverture, écrite séparément (op. 21)</subfield>
</datafield>
<datafield tag="600" ind1=" " ind2=" ">
	<subfield code="a">Date de composition (ouverture) : 6 août 1826</subfield>
	<subfield code="a">Date de composition (musique de scène) : 1842</subfield>
	<subfield code="a">1re exécution : Potsdam, 14 octobre 1843</subfield>
</datafield>
<datafield tag="610" ind1=" " ind2=" ">
	<subfield code="a">Mendelssohn : thematisches Verzeichnis</subfield>
	<subfield code="a">Grove 6</subfield>
	<subfield code="a">Musik zu Ein Sommernachtstraum von Shakespeare / F. Mendelssohn Bartholdy, 2000</subfield>
</datafield>
<datafield tag="917" ind1=" " ind2=" ">
	<subfield code="o">OPC</subfield>
	<subfield code="a">100456410</subfield>
</datafield>
<datafield tag="917" ind1=" " ind2=" ">
	<subfield code="o">OPD</subfield>
	<subfield code="a">100287240</subfield>
	<subfield code="b">ATUM</subfield>
</datafield>
<datafield tag="917" ind1=" " ind2=" ">
	<subfield code="o">OPD</subfield>
	<subfield code="a">100196120</subfield>
	<subfield code="b">ATUM</subfield>
</datafield>
<datafield tag="917" ind1=" " ind2=" ">
	<subfield code="o">OPD</subfield>
	<subfield code="a">100227100</subfield>
	<subfield code="b">ATUM</subfield>
</datafield>
<datafield tag="996" ind1=" " ind2=" ">
	<subfield code="o">OPP</subfield>
	<subfield code="a">13866045</subfield>
	<subfield code="d">20110610</subfield>
</datafield>
<datafield tag="996" ind1=" " ind2=" ">
	<subfield code="o">OPP</subfield>
	<subfield code="a">14796451</subfield>
	<subfield code="d">20110610</subfield>
</datafield>
<datafield tag="996" ind1=" " ind2=" ">
	<subfield code="o">OPP</subfield>
	<subfield code="a">13866049</subfield>
	<subfield code="d">20110610</subfield>
</datafield>
<datafield tag="996" ind1=" " ind2=" ">
	<subfield code="o">OPP</subfield>
	<subfield code="a">13866050</subfield>
	<subfield code="d">20110610</subfield>
</datafield>
<datafield tag="996" ind1=" " ind2=" ">
	<subfield code="o">OPP</subfield>
	<subfield code="a">14799356</subfield>
	<subfield code="d">20110715</subfield>
</datafield>
<datafield tag="996" ind1=" " ind2=" ">
	<subfield code="o">OPP</subfield>
	<subfield code="a">16302100</subfield>
	<subfield code="d">20130613</subfield>
</datafield>
<Alter Ori="13984603">
<datafield tag="400" ind1=" " ind2=" ">
	<subfield code="w">....b.....</subfield>
	<subfield code="a">Mendelssohn</subfield>
	<subfield code="m">Felix</subfield>
	<subfield code="d">1809-1847</subfield>
</datafield>
<datafield tag="400" ind1=" " ind2=" ">
	<subfield code="w">....b.....</subfield>
	<subfield code="a">Mendelssohn-Bartholdy</subfield>
	<subfield code="m">Jacob-Ludwig-Felix</subfield>
	<subfield code="d">1809-1847</subfield>
</datafield>
<datafield tag="400" ind1=" " ind2=" ">
	<subfield code="w">....b.....</subfield>
	<subfield code="a">Bartholdy</subfield>
	<subfield code="m">Felix Mendelssohn</subfield>
	<subfield code="d">1809-1847</subfield>
</datafield>
</Alter>
<Attr Nom="IDPerenne">ark:/12148/cb139161707</Attr>
<Attr Nom="NumSource">OPC 100456410</Attr>
<Attr Nom="Source" Sens="BnF catalogue général (depuis 1999)">A</Attr>
<Attr Nom="NumAutoriteLiee">1398460314831738139161281478293613866059</Attr>
<Attr Nom="DateCreation">21/08/ 1989</Attr>
<Attr Nom="ResponsableCreation">MIGV2</Attr>
<Attr Nom="StructCreation">1</Attr>
<Attr Nom="DateDerniereValidation">13/06/ 2013</Attr>
<Attr Nom="ResponsableDerniereValidation">SERRES CATHERINE</Attr>
<Attr Nom="StructPremiereValidation">1</Attr>
<Attr Nom="DatePremiereValidation">21/08/ 1989</Attr>
<Attr Nom="ResponsablePremiereValidation">MIGV2</Attr>
<Attr Nom="StructDerniereValidation">82</Attr>
<Attr Nom="NumSource" Rep="1">OPD 100287240</Attr>
<Attr Nom="NumSource" Rep="2">OPD 100196120</Attr>
<Attr Nom="NumSource" Rep="3">OPD 100227100</Attr>
<Attr Nom="NumSource" Rep="4">OPP 13866045</Attr>
<Attr Nom="NumSource" Rep="5">OPP 14796451</Attr>
<Attr Nom="NumSource" Rep="6">OPP 13866049</Attr>
<Attr Nom="NumSource" Rep="7">OPP 13866050</Attr>
<Attr Nom="NumSource" Rep="8">OPP 14799356</Attr>
<Attr Nom="NumSource" Rep="9">OPP 16302100</Attr>
</record>
